<record xmlns='http://www.loc.gov/MARC21/slim'><leader>01257cim a22002892u 4500</leader><controlfield tag='001'>3604914</controlfield><controlfield tag='005'>20151214183454.0</controlfield><controlfield tag='007'>ss|lmnjluz|nuu</controlfield><controlfield tag='008'>991101s1993    nyunnn         l    eng d</controlfield><datafield ind1=' ' ind2=' ' tag='035'><subfield code='a'>(NIC)notisASG1979</subfield></datafield><datafield ind1=' ' ind2=' ' tag='035'><subfield code='a'>3604914</subfield></datafield><datafield ind1=' ' ind2=' ' tag='035'><subfield code='a'>(OCoLC)63903687</subfield></datafield><datafield ind1=' ' ind2=' ' tag='040'><subfield code='a'>NIC</subfield><subfield code='c'>NIC</subfield><subfield code='d'>NIC</subfield></datafield><datafield ind1='1' ind2=' ' tag='100'><subfield code='a'>Vonnegut, Kurt.</subfield></datafield><datafield ind1='1' ind2='0' tag='245'><subfield code='a'>How to get a job like mine</subfield><subfield code='h'>[sound recording]</subfield></datafield><datafield ind1=' ' ind2=' ' tag='260'><subfield code='c'>1993.</subfield></datafield><datafield ind1=' ' ind2=' ' tag='300'><subfield code='a'>1 sound cassette (66 min.) :</subfield><subfield code='b'>analog, mono.</subfield></datafield><datafield ind1=' ' ind2=' ' tag='500'><subfield code='a'>Recorded in Ithaca, NY by Cornell University.</subfield></datafield><datafield ind1=' ' ind2=' ' tag='500'><subfield code='a'>Accompanied by: Notes.</subfield></datafield><datafield ind1=' ' ind2=' ' tag='500'><subfield code='a'>Sponsored by: Spencer T. and Ann W. Olin Foundation.</subfield></datafield><datafield ind1=' ' ind2=' ' tag='500'><subfield code='a'>Speaker(s): Novelist.</subfield></datafield><datafield ind1=' ' ind2=' ' tag='518'><subfield code='a'>Address, April 20, 1993.</subfield></datafield><datafield ind1=' ' ind2=' ' tag='520'><subfield code='a'>Speaking to a capacity audience of over 2,000 people at Bailey Hall, a congenial and unrestrained Vonnegut expresses opinions on such varied topics as the importance of community, social justice, literature, the weather, educational reform, war, censorship, technology, TM, Charles Manson, and Perry Mason.  He also reccounts his experiences as a Cornell undergraduate in the 1940s.</subfield></datafield><datafield ind1=' ' ind2=' ' tag='540'><subfield code='a'>No reproductions authorized.</subfield></datafield><datafield ind1=' ' ind2='0' tag='830'><subfield code='a'>Spencer T. and Ann W. Olin lectures.</subfield></datafield><datafield ind1='1' ind2=' ' tag='899'><subfield code='a'>CULectures</subfield></datafield><datafield ind1=' ' ind2=' ' tag='905'><subfield code='a'>19991201120000.0</subfield></datafield></record>